<?xml version="1.0" encoding="UTF-8"?>
<collection xmlns:xsi="http://www.w3.org/2001/XMLSchema-instance" xsi:schemaLocation="http://www.loc.gov/MARC21/slim http://www.loc.gov/standards/marcxml/schema/MARC21slim.xsd" xmlns="http://www.loc.gov/MARC21/slim">
<record>
  <leader>00972cam a2200253 i 4500</leader>
  <controlfield tag="001">36913</controlfield>
  <controlfield tag="003">NNC</controlfield>
  <controlfield tag="005">20130422225215.0</controlfield>
  <controlfield tag="008">801224q19301931ua            000 0 ara d</controlfield>
  <datafield tag="035" ind1=" " ind2=" ">
    <subfield code="a">(OCoLC)51638434</subfield>
  </datafield>
  <datafield tag="035" ind1=" " ind2=" ">
    <subfield code="a">(OCoLC)ocm51638434</subfield>
  </datafield>
  <datafield tag="035" ind1=" " ind2=" ">
    <subfield code="a">(CStRLIN)NYCG20656327-B</subfield>
  </datafield>
  <datafield tag="035" ind1=" " ind2=" ">
    <subfield code="9">AAD8874CU</subfield>
  </datafield>
  <datafield tag="035" ind1=" " ind2=" ">
    <subfield code="a">(NNC)36913</subfield>
  </datafield>
  <datafield tag="040" ind1=" " ind2=" ">
    <subfield code="a">NNC</subfield>
    <subfield code="c">NNC</subfield>
  </datafield>
  <datafield tag="043" ind1=" " ind2=" ">
    <subfield code="a">a------</subfield>
    <subfield code="a">f------</subfield>
  </datafield>
  <datafield tag="090" ind1=" " ind2=" ">
    <subfield code="a">BJ2019.5.I8</subfield>
    <subfield code="b">I25</subfield>
  </datafield>
  <datafield tag="100" ind1="1" ind2=" ">
    <subfield code="a">Ibn Mufliḥ al-Maqdisī, Muḥammad,</subfield>
    <subfield code="d">-1362.</subfield>
  </datafield>
  <datafield tag="245" ind1="1" ind2="3">
    <subfield code="a">al-Ādāb al-sharʻīyah wa-al-minaḥ al-marʻīyah /</subfield>
    <subfield code="c">taʾlīf Shams al-Dīn Abī ʻAbd Allāh Muḥammad ibn Mufliḥ al-Maqdisīal-Ḥanbalī ; ashrafa ʻalá taṣḥīḥihi wa-ʻallaqa ʻalayhi baʻḍ al-ḥawāshī Muḥammad Rashīd Riḍā.</subfield>
  </datafield>
  <datafield tag="250" ind1=" " ind2=" ">
    <subfield code="a">[al-Ṭabʻah 1.]</subfield>
  </datafield>
  <datafield tag="260" ind1=" " ind2=" ">
    <subfield code="a">Miṣr :</subfield>
    <subfield code="b">Maṭbaʻat al-Manār,</subfield>
    <subfield code="c">[1348-1349 i.e. 1930 or 1931]</subfield>
  </datafield>
  <datafield tag="300" ind1=" " ind2=" ">
    <subfield code="a">3 v. ;</subfield>
    <subfield code="c">24 cm.</subfield>
  </datafield>
  <datafield tag="650" ind1=" " ind2="0">
    <subfield code="a">Islamic etiquette.</subfield>
  </datafield>
  <datafield tag="700" ind1="0" ind2=" ">
    <subfield code="a">Muḥammad Rashīd Riḍā.</subfield>
  </datafield>
  <datafield tag="955" ind1=" " ind2=" ">
    <subfield code="b">0036758280</subfield>
    <subfield code="d">glx</subfield>
    <subfield code="e">BJ2019.5.I8 I25</subfield>
    <subfield code="v">v.1</subfield>
  </datafield>
</record>
</collection>